@misc{galdas2017revisiting,
  title={Revisiting bias in qualitative research: Reflections on its relationship with funding and impact},
  author={Galdas, Paul},
  journal={International Journal of Qualitative Methods},
  volume={16},
  number={1},
  pages={1609406917748992},
  year={2017},
  publisher={SAGE Publications Sage CA: Los Angeles, CA}
}

@article{crudden2022gender,
  title={Gender equity in funding},
  author={Crudden, Cathleen M},
  journal={Nature Reviews Chemistry},
  volume={6},
  number={4},
  pages={233--234},
  year={2022},
  publisher={Nature Publishing Group UK London}
}

@article{banal2019evaluation,
  title={Evaluation in research funding agencies: Are structurally diverse teams biased against?},
  author={Banal-Esta{\~n}ol, Albert and Macho-Stadler, In{\'e}s and P{\'e}rez-Castrillo, David},
  journal={Research Policy},
  volume={48},
  number={7},
  pages={1823--1840},
  year={2019},
  publisher={Elsevier}
}

@article{shaffer2019gambling,
  title={Gambling research and funding biases},
  author={Shaffer, Paige M and Ladouceur, Robert and Williams, Patrick M and Wiley, Rhiannon C and Blaszczynski, Alex and Shaffer, Howard J},
  journal={Journal of Gambling Studies},
  volume={35},
  pages={875--886},
  year={2019},
  publisher={Springer}
}

@article{wojick2015government,
  title={Is the Government Buying Science or Support? A Framework Analysis of Federal Funding-Induced Biases},
  author={Wojick, David E and Michaels, Patrick J},
  journal={Washington DC, Cato Institute, Cato Working Paper},
  number={29},
  year={2015}
}

@article{van2015gender,
  title={Gender contributes to personal research funding success in The Netherlands},
  author={Van der Lee, Romy and Ellemers, Naomi},
  journal={Proceedings of the National Academy of Sciences},
  volume={112},
  number={40},
  pages={12349--12353},
  year={2015},
  publisher={National Acad Sciences}
}

@article{franzoni2022funding,
  title={Funding risky research},
  author={Franzoni, Chiara and Stephan, Paula and Veugelers, Reinhilde},
  journal={Entrepreneurship and Innovation Policy and the Economy},
  volume={1},
  number={1},
  pages={103--133},
  year={2022},
  publisher={The University of Chicago Press Chicago, IL}
}

@misc{holdcroft2007gender,
  title={Gender bias in research: how does it affect evidence based medicine?},
  author={Holdcroft, Anita},
  journal={Journal of the Royal Society of Medicine},
  volume={100},
  number={1},
  pages={2--3},
  year={2007},
  publisher={SAGE Publications Sage UK: London, England}
}

@misc{severin2021research,
  title={Research on research funding: an imperative for science and society},
  author={Severin, Anna and Egger, Matthias},
  journal={British journal of sports medicine},
  volume={55},
  number={12},
  pages={648--649},
  year={2021},
  publisher={BMJ Publishing Group Ltd and British Association of Sport and Exercise Medicine}
}

@misc{konkel2015racial,
  title={Racial and ethnic disparities in research studies: the challenge of creating more diverse cohorts},
  author={Konkel, Lindsey},
  year={2015},
  publisher={National Institute of Environmental Health Sciences}
}
